@book{suttonbarto,
    author  = "Richard S. Sutton and Andrew G. Barto",
    title   = "{R}einforcemnt {L}earning: {A}n {I}ntroduction, second edition",
    year    = "2018",
    chapter = "2"
}

@book{bouchaudpotters,
    author = "Jean-Philippe Bouchaud and Mark Potters",
    title = "{T}heory of {F}inancial {R}isk and {D}erivative {P}ricing",
    year = "2003",
    chapter = "10.1"
}

@article{cauchy_simplex,
    author = "James Chok and Geoffrey M. Vasil",
    title = "{C}onvex {O}ptimization {O}ver a {P}robability {S}implex",
    year = "2023",
    pages = "1-6"
}

@article{einstein,
    author = "Albert Einstein",
    title = "{Zur Elektrodynamik bewegter K{\"o}rper} (Немецкий)",
    journal = "Annalen der Physik",
    pages = "891--921",
    year = "1905",
    keywords = "physics"
}

@book{dirac,
    title = {The Principles of Quantum Mechanics},
    author = {Paul Adrien Maurice Dirac},
    isbn = {9780198520115},
    series = {International series of monographs on physics},
    year = {1981},
    publisher = {Clarendon Press},
    keywords = {physics}
}

@online{knuthwebsite,
    author = "Donald Knuth",
    title = "Knuth: Computers and Typesetting",
    url  = "http://www-cs-faculty.stanford.edu/~uno/abcde.html",
    keywords = "latex,knuth"
}

@inbook{knuth-fa,
    author = "Donald E. Knuth",
    title = "Fundamental Algorithms",
    publisher = "Addison-Wesley",
    year = "1973",
    chapter = "1.2",
    keywords  = "knuth,programming"
}

% Этот пример я нагло украл из https://www.overleaf.com/learn/latex/Bibliography_management_in_LaTeX
% Там много полезного, в том числе красивые кастомы.