`@inbook{suttonbarto,
  title        = {{Multi-armed Bandits}},
  author       = {{Richard S. Sutton, and Andrew G. Barto}},
  year         = {2022},
  booktitle    = {{{R}einforcemnt {L}earning: {A}n {I}ntroduction}},
  publisher    = {{The MIT Press}},
  pages        = {{47--68}},
  edition      = {{2nd}}
},

`@inbook{suttonbarto_value_iteration,
  title        = {{Dynamic programming, 4.4: Value iteration}},
  author       = {{Richard S. Sutton, and Andrew G. Barto}},
  year         = {2022},
  booktitle    = {{{R}einforcemnt {L}earning: {A}n {I}ntroduction}},
  publisher    = {{The MIT Press}},
  pages        = {{82--85}},
  edition      = {{2nd}}
},

`@inbook{bouchaudpotters,
  title        = {Optimal portfolios, chapter 12},
  author       = {Bouchaud, Jean-Philippe and Potters, Mark},
  year         = {2003},
  booktitle    = {{T}heory of {F}inancial {R}isk and {D}erivative {P}ricing},
  publisher    = {Cambridge University Press},
  pages        = {202--205},
  edition      = {2nd}
},

`@inbook{varbouchaudpotters,
  title        = {Optimal portfolios, chapter 12},
  author       = {Bouchaud, Jean-Philippe and Potters, Mark},
  year         = {2003},
  booktitle    = {{T}heory of {F}inancial {R}isk and {D}erivative {P}ricing},
  publisher    = {Cambridge University Press},
  pages        = {205--211},
  edition      = {2nd}
},

@article{nesterov_convergence,
    author  = "{Нестеров, Юрий}",
    title   = "Введение в выпуклую оптимизацию",
    year    = "2010",
    pages   = "117-120"
},

@article{nesterov_2_2_5,
    author  = "{Нестеров, Юрий}",
    title   = "Введение в выпуклую оптимизацию",
    year    = "2010",
    pages   = "113-114"
},

@article{simplex_projection,
    author = "Yunmei Chen and Xiaojing Ye",
    title = "Projection Onto A Simplex",
    year = "2011",
    pages = "2-4"
},

@article{cauchy_simplex,
    author = "James Chok and Geoffrey M. Vasil",
    title = "{C}onvex {O}ptimization {O}ver a {P}robability {S}implex",
    year = "2023",
    pages = "1-6"
},

@article{suttonbarto_policy_iteration,
    author  = "Richard S. Sutton and Andrew G. Barto",
    title   = "{R}einforcemnt {L}earning: {A}n {I}ntroduction, second edition",
    year    = "2018",
    pages   = "74-82"
},

@article{srank,
    author  = "Marek Šrank",
    title   = "{P}ortfolio {A}lgorithms for {C}ombinatorial {O}ptimization",
    year    = "2015",
    pages   = "12"
},

@article{tolic_VDBE,
    author  = "Michel Tokic",
    title   = "Adaptive $\epsilon$-greedy Exploration in Reinforcement Learning Based on Value Differences",
    year    = "2010",
    pages   = "5"
},

@article{suttonbarto_gradient_bandits,
    author  = "Richard S. Sutton and Andrew G. Barto",
    title   = "{R}einforcemnt {L}earning: {A}n {I}ntroduction, second edition",
    year    = "2018",
    pages   = "37-40"
},

@article{intro_bandits,
    author  = "Aleksandrs Slivkins",
    title   = "{I}ntroduction to {M}ulti-{A}rmed {B}andits",
    year    = "2019",
    pages   = "28-37"
},

@article{intro_bandits_slow_convergence,
    author  = "Aleksandrs Slivkins",
    title   = "{I}ntroduction to {M}ulti-{A}rmed {B}andits",
    year    = "2019",
    pages   = "24-25"
},

`@inbook{intro_bandits_ucb,
  title        = {Advanced algorithms: adaptive exploration},
  author       = {Slivkins, Aleksandrs},
  year         = {2017},
  booktitle    = {Introduction to Multi-Armed Bandits},
  publisher    = {Foundations and Trends in Machine Learning},
  pages        = {8--12}
},

@article{conjugate_priors,
    author  = "Jordan, M.",
    title   = "The exponential family: Conjugate priors",
    year    = "2009",
    pages   = "19"
},

@incollection{approx_of_conjugate_prior,
  title        = {Univariate Location-Scale Models, t Model},
  author       = {Wand, Matthew and Ormerod, John and Padoan, Simone and Fr¨uhrwirth, Rudolf},
  year         = 2011,
  booktitle    = {Mean Field Variational Bayes for Elaborate Distributions},
  publisher    = {International Society for Bayesian Analysis},
  series       = {Bayesian Analysis },
  volume       = 6,
  number       = 4,
  pages        = {863--865}
},

@inbook{intro_to_multiarmed,
    author = "Aleksandrs Slivkins",
    title = "Introduction to Multi-Armed Bandits",
    publisher = "Foundations and Trends in Machine Learning",
    year = "2019",
    chapter = "1.3"
}
