@article{suttonbarto,
    author  = "Richard S. Sutton and Andrew G. Barto",
    title   = "{R}einforcemnt {L}earning: {A}n {I}ntroduction, second edition",
    year    = "2018",
    pages   = "47-68"
},

@article{bouchaudpotters,
    author = "Jean-Philippe Bouchaud and Mark Potters",
    title = "Theory of financial risk and derivative pricing",
    year = "2003",
    pages = "202-203"
}