@article{cauchy_simplex,
    author = "James Chok and Geoffrey M. Vasil",
    title = "{C}onvex {O}ptimization {O}ver a {P}robability {S}implex",
    year = "2023",
    pages = "1-6"
}

@inbook{intro_to_multiarmed,
    author = "Aleksandrs Slivkins",
    title = "Introduction to Multi-Armed Bandits",
    publisher = "Foundations and Trends in Machine Learning",
    year = "2019",
    chapter = "1.3"
}