@article{nesterov_convergence,
    author  = "Нестеров Ю. Е.",
    title   = "Введение в выпуклую оптимизацию",
    year    = "2010",
    pages   = "117-120"
},

@article{nesterov_2_2_5,
    author  = "Нестеров Ю. Е.",
    title   = "Введение в выпуклую оптимизацию",
    year    = "2010",
    pages   = "113-114"
},

@article{simplex_projection,
    author = "Yunmei Chen and Xiaojing Ye",
    title = "Projection Onto A Simplex",
    year = "2011",
    pages = "2-4"
},

@article{cauchy_simplex,
    author = "James Chok and Geoffrey M. Vasil",
    title = "{C}onvex {O}ptimization {O}ver a {P}robability {S}implex",
    year = "2023",
    pages = "1-6"
},

@article{suttonbarto_policy_iteration,
    author  = "Richard S. Sutton and Andrew G. Barto",
    title   = "{R}einforcemnt {L}earning: {A}n {I}ntroduction, second edition",
    year    = "2018",
    pages   = "74-82"
},

@article{srank,
    author  = "Marek Šrank",
    title   = "{P}ortfolio {A}lgorithms for {C}ombinatorial {O}ptimization",
    year    = "2015",
    pages   = "12"
},

@article{tolic_VDBE,
    author  = "Michel Tokic",
    title   = "Adaptive $\epsilon$-greedy Exploration in Reinforcement Learning Based on Value Differences",
    year    = "2010",
    pages   = "5"
},

@article{suttonbarto_gradient_bandits,
    author  = "Richard S. Sutton and Andrew G. Barto",
    title   = "{R}einforcemnt {L}earning: {A}n {I}ntroduction, second edition",
    year    = "2018",
    pages   = "37-40"
},

@article{intro_bandits,
    author  = "Aleksandrs Slivkins",
    title   = "{I}ntroduction to {M}ulti-{A}rmed {B}andits",
    year    = "2019",
    pages   = "28-37"
},

@article{intro_bandits_slow_convergence,
    author  = "Aleksandrs Slivkins",
    title   = "{I}ntroduction to {M}ulti-{A}rmed {B}andits",
    year    = "2019",
    pages   = "24-25"
},